@inproceedings{bolme2010mosse,
  title={Visual object tracking using adaptive correlation filters},
  author={Bolme, David S and Beveridge, J Ross and Draper, Bruce A and Lui, Yui Man},
  booktitle={2010 IEEE computer society conference on computer vision and pattern recognition},
  pages={2544--2550},
  year={2010},
  organization={IEEE}
}